@book{bishop2006pattern,
  title={Pattern Recognition and Machine Learning},
  author={Bishop, Christopher M.},
  year={2006},
  publisher={Springer}
}

@misc{stanford_xavier,
  title={Xavier initialization and regularization},
  author={Stanford CS230},
  year={2018},
  note={\url{https://cs230.stanford.edu/blog/xavier-init/}}
}

@misc{digitalocean_gpu_opt,
  title={An introduction to GPU performance optimization for deep learning},
  author={DigitalOcean},
  year={2021},
  note={\url{https://www.digitalocean.com/community/tutorials/gpu-performance-optimization-deep-learning}}
}

@misc{gcore_gpu_dl,
  title={How GPUs accelerate deep learning},
  author={Gcore},
  year={2023},
  note={\url{https://gcore.com/learning/how-gpus-accelerate-deep-learning/}}
}

@inproceedings{glorot2010understanding,
  title={Understanding the difficulty of training deep feedforward neural networks},
  author={Glorot, Xavier and Bengio, Yoshua},
  booktitle={Proceedings of the thirteenth international conference on artificial intelligence and statistics},
  pages={249--256},
  year={2010},
  organization={JMLR Workshop and Conference Proceedings}
}

@book{Goodfellow-et-al-2016,
  title={Deep Learning},
  author={Goodfellow, Ian and Bengio, Yoshua and Courville, Aaron},
  publisher={MIT Press},
  year={2016},
  note={\url{http://www.deeplearningbook.org}}
}

@inproceedings{nair2010rectified,
  title={Rectified linear units improve restricted Boltzmann machines},
  author={Nair, Vinod and Hinton, Geoffrey E},
  booktitle={Proceedings of the 27th international conference on machine learning (ICML-10)},
  pages={807--814},
  year={2010}
}

@misc{neptune_gpu_optimization,
  title={How to optimize GPU usage during model training},
  author={Neptune.ai},
  year={2025},
  note={\url{https://neptune.ai/blog/optimizing-gpu-usage-during-model-training-with-neptune}}
}

@misc{aws_gpu_performance,
  title={Optimizing I/O for GPU performance tuning of deep learning training},
  author={AWS},
  year={2020},
  note={\url{https://aws.amazon.com/blogs/machine-learning/optimizing-i-o-for-gpu-performance-tuning-of-deep-learning-training-in-amazon-sagemaker/}}
}

@misc{nvidia_cudnn,
  title={NVIDIA cuDNN - CUDA Deep Neural Network library},
  author={NVIDIA},
  year={2025},
  note={\url{https://docs.nvidia.com/deeplearning/cudnn/}}
}
